<?xml version="1.0" encoding="UTF-8"?><collection xmlns="http://www.loc.gov/MARC21/slim"><record><leader>00290nam--2200121-i-4500</leader><controlfield tag="001">000032880</controlfield><controlfield tag="002">20161230</controlfield><controlfield tag="005">20161230201039</controlfield><controlfield tag="008">060222s1000------------r-----000-0-eng-d</controlfield><datafield ind1=" " ind2=" " tag="100"><subfield code="a">Sidney Fernbach</subfield></datafield><datafield ind1=" " ind2=" " tag="245"><subfield code="a">Manuel rotenberg</subfield></datafield><datafield ind1=" " ind2=" " tag="490"><subfield code="a">New York, Academic Press, 1976</subfield></datafield><datafield ind1=" " ind2=" " tag="700"><subfield code="a">Berni, Alder</subfield></datafield></record></collection>